<?xml version="1.0" encoding="UTF-8"?><collection xmlns="http://www.loc.gov/MARC21/slim"><record><leader>00479nam--2200181-i-4500</leader><controlfield tag="001">000016643</controlfield><controlfield tag="002">20161230</controlfield><controlfield tag="005">20161230201031</controlfield><controlfield tag="008">060222s1000------------r-----000-0-rum-d</controlfield><datafield ind1=" " ind2=" " tag="040"><subfield code="a">IFIN-HH</subfield></datafield><datafield ind1=" " ind2=" " tag="041"><subfield code="a">rum</subfield></datafield><datafield ind1="1" ind2=" " tag="100"><subfield code="a">Mihoc, Gh</subfield></datafield><datafield ind1="1" ind2="0" tag="245"><subfield code="a">Teoria probabilitatilor si statistica matematica</subfield><subfield code="c">Gh. Mihoc ; N. Micu</subfield></datafield><datafield ind1=" " ind2=" " tag="260"><subfield code="a">Bucuresti, Ed. Didactica Si Pedagogica, 1980</subfield></datafield><datafield ind1=" " ind2=" " tag="300"><subfield code="a">292 P</subfield></datafield><datafield ind1="1" ind2=" " tag="700"><subfield code="a">Micu, N</subfield></datafield><datafield ind1=" " ind2=" " tag="852"><subfield code="a">519.2</subfield><subfield code="c">519.2</subfield></datafield><datafield ind1=" " ind2=" " tag="CAT"><subfield code="a">Sys</subfield><subfield code="c">20100621</subfield><subfield code="h">112709</subfield></datafield></record></collection>